<record><leader>00000cas a22000007a 4500</leader><controlfield tag="001">13379906</controlfield><controlfield tag="008">860402d19111915iduwr ne      0    0eng d</controlfield><datafield ind1=" " ind2=" " tag="010"><subfield code="a">sn 86091292 </subfield></datafield><datafield ind1=" " ind2=" " tag="040"><subfield code="a">UNP</subfield><subfield code="b">eng</subfield><subfield code="c">UNP</subfield><subfield code="d">DLC</subfield><subfield code="d">NVB</subfield><subfield code="d">OCLCQ</subfield><subfield code="d">OCLCF</subfield><subfield code="d">OCLCO</subfield></datafield><datafield ind1="1" ind2=" " tag="029"><subfield code="a">AU@</subfield><subfield code="b">000025798108</subfield></datafield><datafield ind1=" " ind2=" " tag="042"><subfield code="a">msc</subfield></datafield><datafield ind1="0" ind2="4" tag="245"><subfield code="a">The Press-times weekly.</subfield></datafield><datafield ind1="3" ind2="0" tag="246"><subfield code="a">Press times weekly</subfield></datafield><datafield ind1="1" ind2="3" tag="246"><subfield code="a">Weekly press-times</subfield></datafield><datafield ind1=" " ind2=" " tag="260"><subfield code="a">Wallace, Idaho :</subfield><subfield code="b">Press-Times Pub. Co.</subfield></datafield><datafield ind1=" " ind2=" " tag="300"><subfield code="a">v.</subfield></datafield><datafield ind1=" " ind2=" " tag="310"><subfield code="a">Weekly</subfield></datafield><datafield ind1="0" ind2=" " tag="362"><subfield code="a">19th year, no. 11 (Nov. 30, 1911)-</subfield></datafield><datafield ind1="1" ind2=" " tag="362"><subfield code="a">Ceased in 1915.</subfield></datafield><datafield ind1=" " ind2=" " tag="500"><subfield code="a">Published as: The Weekly press-times, Dec. 7, 1911-&lt;1915&gt;.</subfield></datafield><datafield ind1=" " ind2=" " tag="580"><subfield code="a">Daily ed.: The Press-times.</subfield></datafield><datafield ind1=" " ind2="0" tag="651"><subfield code="a">Wallace (Idaho)</subfield><subfield code="v">Newspapers.</subfield></datafield><datafield ind1=" " ind2="7" tag="655"><subfield code="a">Newspapers.</subfield><subfield code="2">fast</subfield><subfield code="0">(OCoLC)fst01423814</subfield></datafield><datafield ind1=" " ind2="7" tag="651"><subfield code="a">Idaho</subfield><subfield code="z">Wallace.</subfield><subfield code="2">fast</subfield><subfield code="0">(OCoLC)fst01220463</subfield></datafield><datafield ind1=" " ind2=" " tag="752"><subfield code="a">United States</subfield><subfield code="b">Idaho</subfield><subfield code="c">Shoshone</subfield><subfield code="d">Wallace.</subfield></datafield><datafield ind1="1" ind2=" " tag="775"><subfield code="t">Press-times</subfield><subfield code="w">(DLC)sn 88056046</subfield></datafield><datafield ind1="0" ind2="4" tag="780"><subfield code="t">Idaho press</subfield><subfield code="w">(DLC)sn 86091081</subfield><subfield code="w">(OCoLC)13072131</subfield></datafield><datafield ind1="0" ind2="4" tag="780"><subfield code="t">Wallace times</subfield><subfield code="w">(DLC)sn 86091075</subfield></datafield><datafield ind1="0" ind2="0" tag="785"><subfield code="t">Press-times mining review</subfield></datafield></record>